@article{meinronbun,
  author  = {{中尾　昌広} and {三浦　信一} and {山本　啓二}}, 
  title   = {{『スーパーコンピュータ「富岳」におけるHPCクラスタ用WebポータルOpen OnDemandの導入』}},
  journal = {情報処理学会研究報告},
  year    = 2022,
  number  = 186,
  pages   = {1-6},
  month   = 9,
}
