@article{meinronbun,
  author  = {{Hang CUI} and {Shoichi HIRASAWA} and {Hiroaki KOBAYASHI} and {Hiroyuki TAKIZAWA}}, 
  title   = {{A Machine Learning-Based Approach for Selecting SpMV Kernels and Matrix Storage Formats}},
  journal = {IEICE TRANS. INF. SYST},
  year    = 2018,
  number  = 9,
  pages   = {2307-2314},
  month   = 9,
}
@article{florida,
  author  = {{Timothy A. Davis} and {Yifan  Hu}}, 
  title   = {The university of Florida sparse matrix collection},
  journal = {ACM Transactions on Mathematical Software},
  year    = 2011,
  number  = 1,
  pages   = {1-25},
  month   = 12,
  note    = {\url{https://sparse.tamu.edu/}}, 
  volume  = 38
}