@article{citation_1,
  author  = {{Masahiro Nakao} and {Masaru Nagaku} and {Shinichi Miura} and {Hidetomo Kaneyama} and {Ikki Fujiwara} and {Keiji Yamamoto} and {Atsuko Takefusa}}, 
  title   = {Introducing \uppercase{O}pen \uppercase{O}n\uppercase{D}emand to \uppercase{S}upercomputer \uppercase{F}ugaku},
  journal = {SC-W 2023},
  year    = 2023,
  number  = 1,
  pages   = {720-727},
  month   = 11,
}
@article{citation_2,
  author  = {{David E. Hudak} and {Thomas Bitterman} and {Patricia Carey} and {Douglas Johnson} and {Eric Franz} and {Shaun Brady} and {Piyush Diwan}}, 
  title   = {\uppercase{OSC} \uppercase{O}n\uppercase{D}emand: \uppercase{A} \uppercase{W}eb \uppercase{P}latform \uppercase{I}ntegrating \uppercase{A}ccess to \uppercase{HPC} \uppercase{S}ystems, \uppercase{W}eb and \uppercase{VNC} \uppercase{A}pplications.},
  journal = {XSEDE '13},
  year    = 2013,
  number  = 49,
  pages   = {1-6},
  month   = 7,
}

@article{citation_3,
  author  = {{Robert Settlage} and {Eric Franz} and {Doug Johnson} and {Steve Gallo} and {Edgar Moore} and {David Hudak}}, 
  title   = {\uppercase{O}pen \uppercase{O}n\uppercase{D}emand: \uppercase{HPC} for \uppercase{E}veryone.},
  journal = {ISC 2019 Workshops},
  year    = 2019,
  number  = 11887,
  pages   = {504-513},
  month   = 12,
}

@article{citation_4,
  author  = {}, 
  title   = {\uppercase{O}pen\uppercase{O}n\uppercase{D}emand 3.0.3 \uppercase{D}ocuentation.},
  journal = {https://osc.github.io/ood-documentation/latest/},
  year    = {},
  number  = {},
  pages   = {},
  month   = {},
}

@article{citation_5,
  author  = {}, 
  title   = {\lowercase{i}nstall \uppercase{O}pen \uppercase{O}n\uppercase{D}emand | \uppercase{O}pen \uppercase{O}n\uppercase{D}emand.},
  journal = {https://openondemand.org/install-open-ondemand},
  year    = {},
  number  = {},
  pages   = {},
  month   = {},
}

@article{citation_6,
  author  = {{Mihael Hategan-Marandiuc} and {Andre Merzky} and {Nicholson Collier} and {Ketan Maheshwari} and {Jonathan Ozik} and {Matteo Turilli} and {Andreas Wilke} and {Justin M. Wozniak} and {Kyle Chard} and {Ian Foster} and {Rafael Ferreira da Silva} and {Shantenu Jha} and {Daniel Laney}}, 
  title   = {\uppercase{PSI/J} : \uppercase{A} \uppercase{P}ortable \uppercase{I}nterface for \uppercase{S}ubmitting, \uppercase{M}onitoring, and \uppercase{M}anaging \uppercase{J}obs},
  journal = {IEEE 19th International Conference on e-Science},
  year    = {2023},
  number  = {},
  pages   = {},
  month   = {},
}