%!TEX encoding = UTF-8 Unicode

@article{cite1,
  author  = {{Ping Luo} and {Benjamin Evans} and {Tyler Trafford} and {Kaylea Nelson} and {Thomas J. Langford} and {Jay Kubeck} and {Andrew Sherman}}, 
  title   = {{Using Single Sign-On Authentication with Multiple Open OnDemand Accounts: A Solution for HPC Hosted Courses.}},
  journal = {IEICE TRANS. INF. SYST},
  year    = 2018,
  number  = 9,
  pages   = {2307-2314},
  month   = 9,
}
@article{florida,
  author  = {{Timothy A. Davis} and {Yifan  Hu}}, 
  title   = {The university of Florida sparse matrix collection},
  journal = {ACM Transactions on Mathematical Software},
  year    = 2011,
  number  = 1,
  pages   = {1-25},
  month   = 12,
  note    = {\url{https://sparse.tamu.edu/}}, 
  volume  = 38
}